@book{adams1995hitchhiker,
  title={The Hitchhiker's Guide to the Galaxy},
  author={Adams, D.},
  isbn={9781417642595},
  url={http://books.google.com/books?id=W-xMPgAACAAJ},
  year={1995},
  publisher={San Val}
}
@Misc{std:SIAP,
  editor =       {Paul Harrison},
  author =       {Doug Tody and Ray Plante},
  title =        {Simple Image Access Specification},
  howpublished = {{IVOA Recommendation}},
  year =         {2009},
  url =          {http://www.ivoa.net/documents/latest/SIA.html}
}
@Misc{std:OBSCORE,
	author={Mireille Louys and Francois Bonnarel and David Schade and 
		Patrick Dowler and Alberto Micol and Daniel Durand and Doug Tody 
		and Laurent Michel and Jesus Salgado and Igor Chilingarian 
		and Bruno Rino and Juan de Dios Santander and Petr Skoda},
	editor={Doug Tody and Alberto Micol and Daniel Durand and Mireille Louys},
	howpublished={{IVOA Recommendation}},
	title={Observation Data Model Core Components and its Implementation
		in the {Table Access Protocol}, Version 1.0},
	year=2011,
	url={http://www.ivoa.net/documents/ObsCore/20111028/REC-ObsCore-v1.0-20111028.pdf}
}
@Misc{std:SIAV2,
   author = {{Dowler}, P. and {Bonnarel}, F. and {Tody}, D.},
    title = "{IVOA Simple Image Access Version 2.0}",
howpublished = {IVOA Recommendation 23 December 2015},
     year = 2015,
    month = dec,
   editor = {{Dowler}, P. and {Bonnarel}, F.},
   adsurl = {http://adsabs.harvard.edu/abs/2015ivoa.spec.1223D},
  adsnote = {Provided by the SAO/NASA Astrophysics Data System}
}
@MISC{2015ivoa.spec.0617D,
       author = {{Dowler}, Patrick and {Bonnarel}, Fran{\c{c}}ois and {Michel}, Laurent and {Demleitner}, Markus},
        title = "{IVOA DataLink Version 1.0}",
     keywords = {Astrophysics - Instrumentation and Methods for Astrophysics},
 howpublished = {IVOA Recommendation 17 June 2015},
         year = 2015,
        month = jun,
        pages = {617},
          doi = {10.5479/ADS/bib/2015ivoa.spec.0617D},
archivePrefix = {arXiv},
       eprint = {1509.06152},
 primaryClass = {astro-ph.IM},
       adsurl = {https://ui.adsabs.harvard.edu/abs/2015ivoa.spec.0617D},
      adsnote = {Provided by the SAO/NASA Astrophysics Data System}
}

@Misc{std:TAP,
  author =       {Patrick Dowler and Guy Rixon and Doug Tody},
  title =        {Table Access Protocol Version 1.0},
  howpublished = {{IVOA Recommendation}},
  month =        mar,
  year =         2010,
  url =          {http://www.ivoa.net/documents/TAP}
}

@Misc{std:SODA,
   author = {{Bonnarel}, F. and {Dowler}, P. and {Demleitner}, M. and {Tody}, D. and  {Dempsey}, J.
	},
    title = "{IVOA Server-side Operations for Data Access Version 1.0}",
howpublished = {IVOA Recommendation 17 May 2017},
     year = 2017,
    month = may,
archivePrefix = "arXiv",
   eprint = {1710.08791},
 primaryClass = "astro-ph.IM",
   editor = {{Fran{\c c}ois Bonnarel}, P.~D.},
   adsurl = {http://adsabs.harvard.edu/abs/2017ivoa.spec.0517B},
  adsnote = {Provided by the SAO/NASA Astrophysics Data System}
}


@Misc{std:SCS,
  editor =       {Raymond Plante},
  author =       {Roy Williams and Robert Hanisch and Alex Szalay and Raymond Plante},
  title =        {Simple Cone Search},
  howpublished = {{IVOA Recommendation}},
  year =         {2008},
  url =          {http://www.ivoa.net/documents/latest/ConeSearch.html}
}

@MISC{2017ivoa.spec.0519F,
       author = {{Fernique}, Pierre and {Allen}, Mark and {Boch}, Thomas and {Donaldson}, Tom and {Durand}, Daniel and {Ebisawa}, Ken and {Michel}, Laurent and {Salgado}, Jesus and {Stoehr}, Felix},
        title = "{HiPS - Hierarchical Progressive Survey Version 1.0}",
     keywords = {Astrophysics - Instrumentation and Methods for Astrophysics},
 howpublished = {IVOA Recommendation 19 May 2017},
         year = 2017,
        month = may,
        pages = {519},
          doi = {10.5479/ADS/bib/2017ivoa.spec.0519F},
archivePrefix = {arXiv},
       eprint = {1708.09704},
 primaryClass = {astro-ph.IM},
       adsurl = {https://ui.adsabs.harvard.edu/abs/2017ivoa.spec.0519F},
      adsnote = {Provided by the SAO/NASA Astrophysics Data System}
}

@MISC{2020ivoa.spec.0411S,
       author = {{Servillat}, Mathieu and {Riebe}, Kristin and {Boisson}, Catherine and {Bonnarel}, Fran{\c{c}}ois and {Galkin}, Anastasia and {Louys}, Mireille and {Nullmeier}, Markus and {Renault-Tinacci}, Nicolas and {Sanguillon}, Mich{\`e}le and {Streicher}, Ole},
        title = "{IVOA Provenance Data Model Version 1.0}",
 howpublished = {IVOA Recommendation 11 April 2020},
         year = 2020,
        month = apr,
        pages = {411},
       adsurl = {https://ui.adsabs.harvard.edu/abs/2020ivoa.spec.0411S},
      adsnote = {Provided by the SAO/NASA Astrophysics Data System}
}
@MISC{2008ivoa.spec.1030O,
       author = {{Osuna}, Pedro and {Ortiz}, I{\~n}aki and {Lusted}, Jeff and {Dowler}, Pat and {Szalay}, Alexander and {Shirasaki}, Yuji and {Nieto-Santisteban}, Maria A. and {Ohishi}, Masatoshi and {O'Mullane}, William and {VOQL-TEG Group} and {VOQL Working Group.}},
        title = "{IVOA Astronomical Data Query Language Version 2.00}",
     keywords = {Astrophysics - Instrumentation and Methods for Astrophysics},
 howpublished = {IVOA Recommendation 30 October 2008},
         year = 2008,
        month = oct,
        pages = {1030},
          doi = {10.5479/ADS/bib/2008ivoa.spec.1030O},
archivePrefix = {arXiv},
       eprint = {1110.0503},
 primaryClass = {astro-ph.IM},
       adsurl = {https://ui.adsabs.harvard.edu/abs/2008ivoa.spec.1030O},
      adsnote = {Provided by the SAO/NASA Astrophysics Data System}
}
@MISC{2019ivoa.spec.1007F,
       author = {{Fernique}, Pierre and {Boch}, Thomas and {Donaldson}, Tom and {Durand}, Daniel and {O'Mullane}, Wil and {Reinecke}, Martin and {Taylor}, Mark},
        title = "{MOC - HEALPix Multi-Order Coverage map Version 1.1}",
 howpublished = {IVOA Recommendation 07 October 2019},
         year = 2019,
        month = oct,
        pages = {1007},
       adsurl = {https://ui.adsabs.harvard.edu/abs/2019ivoa.spec.1007F},
      adsnote = {Provided by the SAO/NASA Astrophysics Data System}
}
@MISC{2009ivoa.spec.0421B,
       author = {{Boch}, Thomas and {Fitzpatrick}, Michael and {Taylor}, Mark and {Allan}, Alasdair and {Paioro}, Luigi and {Taylor}, John and {Tody}, Douglas},
        title = "{SAMP {\textemdash} Simple Application Messaging Protocol Version 1.11}",
 howpublished = {IVOA Recommendation 21 April 2009},
         year = 2009,
        month = apr,
        pages = {421},
          doi = {10.5479/ADS/bib/2009ivoa.spec.0421B},
       adsurl = {https://ui.adsabs.harvard.edu/abs/2009ivoa.spec.0421B},
      adsnote = {Provided by the SAO/NASA Astrophysics Data System}
}

@MISC{2019ivoa.rept.0520D,
       author = {{Demleitner}, Markus and {Taylor}, Mark},
        title = "{Discovering Data Collections Within Services Version 1.1}",
 howpublished = {IVOA Note 20 May 2019},
         year = 2019,
        month = may,
        pages = {520},
          doi = {10.5479/ADS/bib/2019ivoa.rept.0520D},
       adsurl = {https://ui.adsabs.harvard.edu/abs/2019ivoa.rept.0520D},
      adsnote = {Provided by the SAO/NASA Astrophysics Data System}
}


@misc{std:RFC2119,
        Author = {Scott Bradner},
        Howpublished = {RFC 2119},
        Month = mar,
        Organization = {IETF},
        Title = {Key words for use in {RFCs} to Indicate Requirement Levels},
        Url = {http://www.ietf.org/rfc/rfc2119.txt},
        Year = {1997}}

